@article{sapkota2019, 
    title = {Impact of Sorghum Racial Structure and Diversity on Genomic Prediction of Grain Yield Components},  author={Sapkota,Sirjan  and Boyles, Richard  and Cooper, Elizabeth and Brenton,Zachary  and Myers, Matthew and Stephen Kresovich}, 
    journal = {Crop Science, \emph{in press}}, 
    year = {2019},
    doi = {doi: 10.2135/cropsci2019.04.0221}
},
    
@article{vanraden2008efficient,
  title={Efficient methods to compute genomic predictions},
  author={VanRaden, Paul M},
  journal={Journal of dairy science},
  volume={91},
  number={11},
  pages={4414--4423},
  year={2008},
  publisher={Elsevier}
},

@article{alexander2009fast,
  title={Fast model-based estimation of ancestry in unrelated individuals},
  author={Alexander, David H and Novembre, John and Lange, Kenneth},
  journal={Genome research},
  volume={19},
  number={9},
  pages={1655--1664},
  year={2009},
  publisher={Cold Spring Harbor Lab}
},

@article{bates2014fitting,
  title={Fitting linear mixed-effects models using lme4},
  author={Bates, Douglas and M{\"a}chler, Martin and Bolker, Ben and Walker, Steve},
  journal={arXiv preprint arXiv:1406.5823},
  year={2014}
},

@article{perez2013bglr,
  title={BGLR: a statistical package for whole genome regression and prediction},
  author={P{\'e}rez, Paulino and de los Campos, Gustavo},
  journal={R package version},
  volume={1},
  number={0.2},
  year={2013}
},

  @article{liaw2002,
    title = {Classification and Regression by randomForest},
    author = {Andy Liaw and Matthew Wiener},
    journal = {R News},
    year = {2002},
    volume = {2},
    number = {3},
    pages = {18-22},
    url = {https://CRAN.R-project.org/doc/Rnews/},
  },
  
@article{szklarczyk2018string,
  title={STRING v11: protein--protein association networks with increased coverage, supporting functional discovery in genome-wide experimental datasets},
  author={Szklarczyk, Damian and Gable, Annika L and Lyon, David and Junge, Alexander and Wyder, Stefan and Huerta-Cepas, Jaime and Simonovic, Milan and Doncheva, Nadezhda T and Morris, John H and Bork, Peer and others},
  journal={Nucleic acids research},
  volume={47},
  number={D1},
  pages={D607--D613},
  year={2018},
  publisher={Oxford University Press}
},


